@article{DBLP:journals/corr/abs-2005-00547,
  author    = {Dorottya Demszky and
               Dana Movshovitz{-}Attias and
               Jeongwoo Ko and
               Alan S. Cowen and
               Gaurav Nemade and
               Sujith Ravi},
  title     = {GoEmotions: {A} Dataset of Fine-Grained Emotions},
  journal   = {CoRR},
  volume    = {abs/2005.00547},
  year      = {2020},
  url       = {https://arxiv.org/abs/2005.00547},
  eprinttype = {arXiv},
  eprint    = {2005.00547},
  timestamp = {Fri, 08 May 2020 15:04:04 +0200},
  biburl    = {https://dblp.org/rec/journals/corr/abs-2005-00547.bib},
  bibsource = {dblp computer science bibliography, https://dblp.org}
}

@article{DBLP:journals/corr/abs-1810-04805,
  author    = {Jacob Devlin and
               Ming{-}Wei Chang and
               Kenton Lee and
               Kristina Toutanova},
  title     = {{BERT:} Pre-training of Deep Bidirectional Transformers for Language
               Understanding},
  journal   = {CoRR},
  volume    = {abs/1810.04805},
  year      = {2018},
  url       = {http://arxiv.org/abs/1810.04805},
  eprinttype = {arXiv},
  eprint    = {1810.04805},
  timestamp = {Tue, 30 Oct 2018 20:39:56 +0100},
  biburl    = {https://dblp.org/rec/journals/corr/abs-1810-04805.bib},
  bibsource = {dblp computer science bibliography, https://dblp.org}
}

@misc{https://doi.org/10.48550/arxiv.2109.01900,
  doi = {10.48550/ARXIV.2109.01900},
  
  url = {https://arxiv.org/abs/2109.01900},
  
  author = {Alvarez-Gonzalez, Nurudin and Kaltenbrunner, Andreas and Gómez, Vicenç},
  
  keywords = {Computation and Language (cs.CL), Machine Learning (cs.LG), FOS: Computer and information sciences, FOS: Computer and information sciences},
  
  title = {Uncovering the Limits of Text-based Emotion Detection},
  
  publisher = {arXiv},
  
  year = {2021},
  
  copyright = {arXiv.org perpetual, non-exclusive license}
}

@article{DBLP:journals/corr/ChoMBB14,
  author    = {KyungHyun Cho and
               Bart van Merrienboer and
               Dzmitry Bahdanau and
               Yoshua Bengio},
  title     = {On the Properties of Neural Machine Translation: Encoder-Decoder Approaches},
  journal   = {CoRR},
  volume    = {abs/1409.1259},
  year      = {2014},
  url       = {http://arxiv.org/abs/1409.1259},
  eprinttype = {arXiv},
  eprint    = {1409.1259},
  timestamp = {Mon, 13 Aug 2018 16:47:23 +0200},
  biburl    = {https://dblp.org/rec/journals/corr/ChoMBB14.bib},
  bibsource = {dblp computer science bibliography, https://dblp.org}
}

@misc{bhargava2021generalization,
      title={Generalization in NLI: Ways (Not) To Go Beyond Simple Heuristics}, 
      author={Prajjwal Bhargava and Aleksandr Drozd and Anna Rogers},
      year={2021},
      eprint={2110.01518},
      archivePrefix={arXiv},
      primaryClass={cs.CL}
}

@article{DBLP:journals/corr/abs-1908-08962,
  author    = {Iulia Turc and
               Ming{-}Wei Chang and
               Kenton Lee and
               Kristina Toutanova},
  title     = {Well-Read Students Learn Better: The Impact of Student Initialization
               on Knowledge Distillation},
  journal   = {CoRR},
  volume    = {abs/1908.08962},
  year      = {2019},
  url       = {http://arxiv.org/abs/1908.08962},
  eprinttype = {arXiv},
  eprint    = {1908.08962},
  timestamp = {Thu, 29 Aug 2019 16:32:34 +0200},
  biburl    = {https://dblp.org/rec/journals/corr/abs-1908-08962.bib},
  bibsource = {dblp computer science bibliography, https://dblp.org}
}

@article{https://www.researchgate.net/publication/13853244_Long_Short-term_Memory,
author = {Hochreiter, Sepp and Schmidhuber, Jürgen},
year = {1997},
month = {12},
pages = {1735-80},
title = {Long Short-term Memory},
volume = {9},
journal = {Neural computation},
doi = {10.1162/neco.1997.9.8.1735}
}

@article{DBLP:journals/corr/abs-1711-05101,
  author    = {Ilya Loshchilov and
               Frank Hutter},
  title     = {Fixing Weight Decay Regularization in Adam},
  journal   = {CoRR},
  volume    = {abs/1711.05101},
  year      = {2017},
  url       = {http://arxiv.org/abs/1711.05101},
  eprinttype = {arXiv},
  eprint    = {1711.05101},
  timestamp = {Mon, 13 Aug 2018 16:48:18 +0200},
  biburl    = {https://dblp.org/rec/journals/corr/abs-1711-05101.bib},
  bibsource = {dblp computer science bibliography, https://dblp.org}
}

@article{DBLP:journals/corr/VaswaniSPUJGKP17,
  author    = {Ashish Vaswani and
               Noam Shazeer and
               Niki Parmar and
               Jakob Uszkoreit and
               Llion Jones and
               Aidan N. Gomez and
               Lukasz Kaiser and
               Illia Polosukhin},
  title     = {Attention Is All You Need},
  journal   = {CoRR},
  volume    = {abs/1706.03762},
  year      = {2017},
  url       = {http://arxiv.org/abs/1706.03762},
  eprinttype = {arXiv},
  eprint    = {1706.03762},
  timestamp = {Sat, 23 Jan 2021 01:20:40 +0100},
  biburl    = {https://dblp.org/rec/journals/corr/VaswaniSPUJGKP17.bib},
  bibsource = {dblp computer science bibliography, https://dblp.org}
}
@article{DBLP:journals/corr/abs-1901-04856,
  author    = {Nikolaos Lykousas and
               Constantinos Patsakis and
               Andreas Kaltenbrunner and
               Vicen{\c{c}} G{\'{o}}mez},
  title     = {Sharing emotions at scale: The Vent dataset},
  journal   = {CoRR},
  volume    = {abs/1901.04856},
  year      = {2019},
  url       = {http://arxiv.org/abs/1901.04856},
  eprinttype = {arXiv},
  eprint    = {1901.04856},
  timestamp = {Fri, 01 Feb 2019 13:39:59 +0100},
  biburl    = {https://dblp.org/rec/journals/corr/abs-1901-04856.bib},
  bibsource = {dblp computer science bibliography, https://dblp.org}
}
@article{DBLP:journals/corr/JoulinGBM16,
  author    = {Armand Joulin and
               Edouard Grave and
               Piotr Bojanowski and
               Tom{\'{a}}s Mikolov},
  title     = {Bag of Tricks for Efficient Text Classification},
  journal   = {CoRR},
  volume    = {abs/1607.01759},
  year      = {2016},
  url       = {http://arxiv.org/abs/1607.01759},
  eprinttype = {arXiv},
  eprint    = {1607.01759},
  timestamp = {Mon, 28 Dec 2020 11:31:01 +0100},
  biburl    = {https://dblp.org/rec/journals/corr/JoulinGBM16.bib},
  bibsource = {dblp computer science bibliography, https://dblp.org}
}

@article{DOI:10.1109/IEC47844.2019.8950616,
author = {Cowen, Alan and Keltner, Dacher},
year = {2017},
month = {09},
pages = {},
title = {Self-report captures 27 distinct categories of emotion bridged by continuous gradients},
volume = {114},
journal = {Proceedings of the National Academy of Sciences of the United States of America},
doi = {10.1073/pnas.1702247114}
}

@misc{20.500.12024/0643,
 title = {Birkbeck spelling error corpus / Roger Mitton},
 url = {http://hdl.handle.net/20.500.12024/0643},
 note = {Oxford Text Archive},
 copyright = {Distributed by the University of Oxford under a Creative Commons Attribution-{NonCommercial}-{ShareAlike} 3.0 Unported License.
}

@misc{https://github.com/s/preprocessor, 
  author = {Said Özcan},
  title = {Preprocessor},
  year = {2020},
  publisher = {GitHub},
  journal = {GitHub repository},
  howpublished = {\url{https://github.com/s/preprocessor}},
  commit = {efd2eb5919187a1a6713f8bb3fb19861d6133392}
}

@incollection{NEURIPS2019_9015,
title = {PyTorch: An Imperative Style, High-Performance Deep Learning Library},
author = {Paszke, Adam and Gross, Sam and Massa, Francisco and Lerer, Adam and Bradbury, James and Chanan, Gregory and Killeen, Trevor and Lin, Zeming and Gimelshein, Natalia and Antiga, Luca and Desmaison, Alban and Kopf, Andreas and Yang, Edward and DeVito, Zachary and Raison, Martin and Tejani, Alykhan and Chilamkurthy, Sasank and Steiner, Benoit and Fang, Lu and Bai, Junjie and Chintala, Soumith},
booktitle = {Advances in Neural Information Processing Systems 32},
editor = {H. Wallach and H. Larochelle and A. Beygelzimer and F. d\textquotesingle Alch\'{e}-Buc and E. Fox and R. Garnett},
pages = {8024--8035},
year = {2019},
publisher = {Curran Associates, Inc.},
url = {http://papers.neurips.cc/paper/9015-pytorch-an-imperative-style-high-performance-deep-learning-library.pdf}
}

@article{DBLP:journals/corr/WuSCLNMKCGMKSJL16,
  author    = {Yonghui Wu and
               Mike Schuster and
               Zhifeng Chen and
               Quoc V. Le and
               Mohammad Norouzi and
               Wolfgang Macherey and
               Maxim Krikun and
               Yuan Cao and
               Qin Gao and
               Klaus Macherey and
               Jeff Klingner and
               Apurva Shah and
               Melvin Johnson and
               Xiaobing Liu and
               Lukasz Kaiser and
               Stephan Gouws and
               Yoshikiyo Kato and
               Taku Kudo and
               Hideto Kazawa and
               Keith Stevens and
               George Kurian and
               Nishant Patil and
               Wei Wang and
               Cliff Young and
               Jason Smith and
               Jason Riesa and
               Alex Rudnick and
               Oriol Vinyals and
               Greg Corrado and
               Macduff Hughes and
               Jeffrey Dean},
  title     = {Google's Neural Machine Translation System: Bridging the Gap between
               Human and Machine Translation},
  journal   = {CoRR},
  volume    = {abs/1609.08144},
  year      = {2016},
  url       = {http://arxiv.org/abs/1609.08144},
  eprinttype = {arXiv},
  eprint    = {1609.08144},
  timestamp = {Thu, 14 Jan 2021 12:12:19 +0100},
  biburl    = {https://dblp.org/rec/journals/corr/WuSCLNMKCGMKSJL16.bib},
  bibsource = {dblp computer science bibliography, https://dblp.org}
}

@misc{https://doi.org/10.48550/arxiv.1412.6980,
  doi = {10.48550/ARXIV.1412.6980},
  url = {https://arxiv.org/abs/1412.6980},
  author = {Kingma, Diederik P. and Ba, Jimmy},
  keywords = {Machine Learning (cs.LG), FOS: Computer and information sciences, FOS: Computer and information sciences},
  title = {Adam: A Method for Stochastic Optimization},
  publisher = {arXiv},
  year = {2014},
  copyright = {arXiv.org perpetual, non-exclusive license}
}

@inproceedings{Wolf_Transformers_State-of-the-Art_Natural_2020,
author = {Wolf, Thomas and Debut, Lysandre and Sanh, Victor and Chaumond, Julien and Delangue, Clement and Moi, Anthony and Cistac, Perric and Ma, Clara and Jernite, Yacine and Plu, Julien and Xu, Canwen and Le Scao, Teven and Gugger, Sylvain and Drame, Mariama and Lhoest, Quentin and Rush, Alexander M.},
month = {10},
pages = {38--45},
publisher = {Association for Computational Linguistics},
title = {{Transformers: State-of-the-Art Natural Language Processing}},
url = {https://www.aclweb.org/anthology/2020.emnlp-demos.6},
year = {2020}
}